<?xml version='1.0' encoding='UTF-8'?>
<record xmlns="http://www.loc.gov/MARC21/slim">
  <leader>01829cam a2200385M  4500</leader>
  <controlfield tag="001">2762551</controlfield>
  <controlfield tag="003">NjP</controlfield>
  <controlfield tag="005">20171010174219.0</controlfield>
  <controlfield tag="008">850918s1939    ua a          000 0 ara d</controlfield>
  <datafield tag="024" ind1="7" ind2=" ">
    <subfield code="a">princeton_aco002514</subfield>
    <subfield code="2">local</subfield>
  </datafield>
  <datafield ind1=" " ind2=" " tag="035">
    <subfield code="a">(OCoLC)ocn178317966</subfield>
  </datafield>
  <datafield ind1=" " ind2=" " tag="035">
    <subfield code="a">(OCoLC)ocm23508275</subfield>
  </datafield>
  <datafield ind1=" " ind2=" " tag="040">
    <subfield code="a">EYM</subfield>
    <subfield code="c">PUL</subfield>
    <subfield code="d">PUL</subfield>
  </datafield>
  <datafield ind1=" " ind2=" " tag="035">
    <subfield code="a">(OCoLC)178317966</subfield>
  </datafield>
  <datafield ind1=" " ind2=" " tag="035">
    <subfield code="9">CNF7488TS</subfield>
  </datafield>
  <datafield ind1=" " ind2=" " tag="035">
    <subfield code="a">(NjP)2762551</subfield>
  </datafield>
  <datafield ind1=" " ind2="4" tag="050">
    <subfield code="a">G93.I13</subfield>
    <subfield code="b">W26 1939</subfield>
  </datafield>
  <datafield ind1=" " ind2=" " tag="079">
    <subfield code="a">ocm23508275</subfield>
  </datafield>
  <datafield ind1=" " ind2=" " tag="049">
    <subfield code="a">PULL</subfield>
  </datafield>
  <datafield ind1="1" ind2=" " tag="100">
    <subfield code="6">880-01</subfield>
    <subfield code="a">Ibn al-Wardī, Zayn al-Dīn ʻUmar ibn al-Muẓaffar,</subfield>
    <subfield code="d">-1349.</subfield>
    <subfield code="0">http://id.loc.gov/authorities/names/n88250340</subfield>
  </datafield>
  <datafield ind1="0" ind2="0" tag="245">
    <subfield code="6">880-02</subfield>
    <subfield code="a">Kharīdat al-ʻajāʼib wa-faridat al-gharāʼib.</subfield>
    <subfield code="c">Taʼlīf Sirāj al-Dīn Abī Hafs ʻUmar ibn al-Wardī.</subfield>
  </datafield>
  <datafield ind1=" " ind2=" " tag="250">
    <subfield code="6">880-03</subfield>
    <subfield code="a">al-Ṭabʻah al-thānīyah.</subfield>
  </datafield>
  <datafield ind1=" " ind2=" " tag="260">
    <subfield code="6">880-04</subfield>
    <subfield code="a">[al-Qāhirah]</subfield>
    <subfield code="b">Muṣṭafá al-Bābī al-Ḥalabī wa-Awlādih,</subfield>
    <subfield code="c">[1358/1949/1939]</subfield>
  </datafield>
  <datafield ind1=" " ind2=" " tag="300">
    <subfield code="a">288 p.</subfield>
    <subfield code="b">illus.</subfield>
    <subfield code="c">22 cm.</subfield>
  </datafield>
  <datafield ind1=" " ind2=" " tag="500">
    <subfield code="a">Compiled from al-Ḥarrānī's Jāmiʻ al-funūn.</subfield>
  </datafield>
  <datafield ind1=" " ind2=" " tag="590">
    <subfield code="a">In Arabic.</subfield>
  </datafield>
  <datafield ind1=" " ind2=" " tag="590">
    <subfield code="a">Photocopy.</subfield>
  </datafield>
  <datafield ind1=" " ind2="0" tag="650">
    <subfield code="a">Geography, Medieval</subfield>
    <subfield code="0">http://id.loc.gov/authorities/subjects/sh85054023</subfield>
  </datafield>
  <datafield ind1="1" ind2="2" tag="700">
    <subfield code="6">880-05</subfield>
    <subfield code="a">Ḥarrānī, Aḥmad ibn Ḥamdān,</subfield>
    <subfield code="d">f. 1332.</subfield>
    <subfield code="t">Jamiʻ al-funūn wa salwat al-maḥzūn.</subfield>
  </datafield>
  <datafield ind1="1" ind2=" " tag="880">
    <subfield code="6">100-01/r</subfield>
    <subfield code="a">ابن الوردي، زين الدين عمر بن المظفر،</subfield>
    <subfield code="d">-1349.</subfield>
  </datafield>
  <datafield ind1="0" ind2="0" tag="880">
    <subfield code="6">245-02/r</subfield>
    <subfield code="a">خريدة العجائب وفردة الغرائب.</subfield>
    <subfield code="c">تأليف سراج الدين ابي هفس عمر بن الوردي.</subfield>
  </datafield>
  <datafield ind1=" " ind2=" " tag="880">
    <subfield code="6">250-03/r</subfield>
    <subfield code="a">الطبعة الثانية.</subfield>
  </datafield>
  <datafield ind1=" " ind2=" " tag="880">
    <subfield code="6">260-04/r</subfield>
    <subfield code="a">[القاهرة]</subfield>
    <subfield code="b">مصطفى البابي الحلبي واولاده،</subfield>
    <subfield code="c">[1358/1949/1939]</subfield>
  </datafield>
  <datafield ind1="1" ind2="2" tag="880">
    <subfield code="6">700-05/r</subfield>
    <subfield code="a">حراني، احمد بن حمدان،</subfield>
    <subfield code="d">ف. 1332.</subfield>
    <subfield code="t">جمع الفنون و سلوة المحزون.</subfield>
  </datafield>
  <datafield ind1=" " ind2=" " tag="911">
    <subfield code="a">20000130</subfield>
  </datafield>
  <datafield ind1=" " ind2=" " tag="994">
    <subfield code="a">C0</subfield>
    <subfield code="b">PUL</subfield>
  </datafield>
  <datafield ind1=" " ind2=" " tag="999">
    <subfield code="a">2762551</subfield>
  </datafield>
  <datafield ind1="0" ind2="0" tag="852">
    <subfield code="0">3073334</subfield>
    <subfield code="b">nec</subfield>
    <subfield code="t">1</subfield>
    <subfield code="h">G93.I13</subfield>
    <subfield code="i">W26 1939</subfield>
  </datafield>
  <datafield ind1="8" ind2="0" tag="852">
    <subfield code="0">3543151</subfield>
    <subfield code="b">rcppf</subfield>
    <subfield code="h">MICROFILM 02415</subfield>
    <subfield code="x">tr fr flm</subfield>
  </datafield>
  <datafield ind1=" " ind2=" " tag="959">
    <subfield code="a">2005-05-05 11:28:28 -0500</subfield>
  </datafield>
</record>
